@misc{wciom,
    title="Алкоголь на фоне пандемии [Электронный ресурс].",
    howpublished="Режим доступа: \url{https://wciom.ru/analytical-reviews/analiticheskii-obzor/alkogol-na-fone-pandemii} (дата обращения: 10.04.2023)"
}

@misc{gorm,
    title="Документация библиотеки GORM для Golang [Электронный ресурс].",
    howpublished="Режим доступа: \url{https://gorm.io/docs/} (дата обращения: 13.05.2023)."
}

@misc{http,
    title="Документация пакета snet/http языка Go [Электронный ресурс].",
    howpublished="Режим доступа: \url{https://pkg.go.dev/net/http} (дата обращения:
13.05.2023)."
}

@misc{minimock,
    title="Документация пакета minimock языка Go [Электронный ресурс].",
    howpublished="Режим доступа: \url{https://pkg.go.dev/github.com/gojuno/minimock/v3} (дата обращения:
13.05.2023)."
}
@misc{goose,
    title="Документация пакета goose языка Go [Электронный ресурс].",
    howpublished="Режим доступа: \url{https://pkg.go.dev/github.com/pressly/goose} (дата обращения:
13.05.2023)."
}


@misc{vciom,
    title="Алкоголь на фоне пандемии [Электронный ресурс].",
    howpublished="Режим доступа: \url{https://wciom.ru/analytical-reviews/analiticheskii-obzor/alkogol-na-fone-pandemii} (дата обращения: 10.04.2023)"
}

@misc{swagger,
    title="Документация по OpenAPI Generator [Электронный ресурс].",
    howpublished="Режим доступа: \url{https://openapi-generator.tech/} (дата обращения: 15.08.2023)."
}

@misc{pravila,
    title="Правила продажи товаров при дистанционном способе продажи товара по договору розничной купли-продажи [Электронный ресурс].",
    howpublished="Режим доступа: \url{https://sudact.ru/law/postanovlenie-pravitelstva-rf-ot-31122020-n-2463/pravila-prodazhi-tovarov-po-dogovoru/i/pravila-prodazhi-tovarov-pri-distantsionnom/} (дата обращения: 10.04.2023)"
}

@misc{selhoz,
    title="Министерство сельского хозяйства Российской Федерации [Электронный ресурс].",
    howpublished="Режим доступа: \url{https://mcx.gov.ru/?ysclid=lmjyx2j5at578625547} (дата обращения: 10.09.2023)"
}

@misc{minzdrav,
    title="Министерство здравоохранения Российской Федерации [Электронный ресурс].",
    howpublished="Режим доступа: \url{https://minzdrav.gov.ru/} (дата обращения: 10.04.2023)"
}

@misc{ray,
	title="Янова Р.~Ю. Метод прямой и обратной трассировки",
	howpublished="Вестник науки и образования",
        year = "2016"
}


@article{rogers,
    title = "Роджерс Д., Алгоритмические основы машинной графики.",
    year = "2013 --- \\457-517с"
}

@article{shree,
    title = "Kshitiz Garg, Shree K. Nayar. Photorealistic Rendering of Rain Streaks.",
    year = "2003"
}

@misc{kurov,
    title = "Куров А.~В. Конспект курса лекций по компьютерной графике",
    year = "2022"
}

@misc{geometry,
    title = "Бабич В.~Н. Геометризация форм и структур инженерно-строительных объектов и процессов",
    howpublished="Архитектон: известия вузов",
    year = "2016"
}

@misc{polygonal,
    title = "Mario Botsch, Mark Pauly, Leif Kobbelt, Pierre Alliez, Bruno Lévy, et al. Geometric
Modeling Based on Polygonal Meshes.",
    year = "2007"
}

@book{list_faces,
    title = "Способы представления и размещения трёхмерных моделей для прототипирования
ювелирных изделий : Материалы VI Международной научно-практической конференции (школы-семинара) молодых ученых.",
    year = "2020 --- 840-845c"
}

@misc{robert,
    title="Цапко И. В., Цапко С. Г. Алгоритмы и методы обработки информации в задачах трехмерного сканирования объектов",
    howpublished="Известия Томского политехнического университета. Инжиниринг георесурсов",
    year = "2010"
}

@misc{cpp,
	title="Справочник по языку C++ [Электронный ресурс]. Режим~доступа: https://learn.microsoft.com/ru-ru/cpp/cpp/cpp-languagereference?view=msvc-170 (дата обращения: 01.02.2023)."
}


@misc{obj,
	title="An Overview of 3D Data Content, File Formats and Viewers [Электронный ресурс]. Режим доступа: http://isda.ncsa.illinois.edu/peter/publications/techreports/2008/NCSA-ISDA-2008-002.pdf (дата обращения: 27.12.2022)."
}

@misc{png,
	title="Comparison of different image formats using LSB
Steganography [Электронный ресурс]. Режим доступа: https://ieeexplore.ieee.org/stamp/stamp.jsp?tp=&arnumber=8269657
(дата обращения: 27.12.2022)."
}


@misc{cgv,
    title = "Modeling and Simulation of Skelatal Muscle for Computer Graphics: A Survey",
    howpublished = "Режим доступа: \url{http://www.cs.toronto.edu/pub/reports/na/MuscleSimulationSurvey.pdf} (дата обращения: 07.07.2020)",
    year = 2011
}


@article{pps,
    author = "K. Komatsu",
    title = "Human skin model capable of natural shape variation",
    journal = "The Visual Computer, vol. 3, no. 5",
    pages = "265–271",
    year = "1988"
}

@article{is1,
    author = "J. F. Blinn",
    title = "A generalization of algebraic surface drawing",
    journal = "ACM Transactions on Graphics, vol. 1, no. 3",
    pages = "235–256",
    year = 1982
}

@article{is2,
    author = "J. Bloomenthal and K. Shoemake",
    title = "Convolution surfaces",
    journal = "SIGGRAPH Computer Graphics",
    pages = "251–256",
    year = 1991
}
@article{mss,
    author = "L. P. Nedel and D. Thalmann",
    title = "Real time muscle deformations using massspring systems,",
    journal = "Proceedings of Computer Graphics International, IEEE",
    year = 1998
}

@article{fem1,
    author = "G. Strang and G. Fix",
    title = "An Analysis of the Finite Element Method. WellesleyCambridge, 2nd Edition",
    year = 2008
}

@article{fem2,
    author = "A. Nealen, M. Mueller and M. Carlson",
    title = "Physically based deformable models in computer graphics",
    journal = "Computer Graphics Forum, vol. 25, no. 4",
    pages = "809–836",
    year = "2006"
}

@article{fvm1,
    author = "R. J. LeVeque",
    title = "Finite Volume Methods for Hyperbolic Problems",
    journal = "Cambridge University Press",
    year = 2002
}

@article{fvm2,
    author = "J. Teran, S. Blemker and R. Fedkiw",
    title = "Finite volume methods for the simulation of skeletal muscle",
    journal = "SCA ’03: Proceedings of the 2003 ACM SIGGRAPH/Eurographics Symposium on Computer Animation",
    pages = "68–74",
    year = 2003
}

@article{dda,
    author = "K. Min, S. Baek and C. Park",
    title = "Anatomically-based modeling and animation of human upper limbs",
    journal = "Proceedings of International Conference on Human Modeling and Animation",
    year = 2000
}

@misc{sgr,
    title = "Что такое ACM SIGGRAPH?",
    howpublished = "Режим доступа: \url{https://www.siggraph.org/about/what-is-acm-siggraph/russian/} (дата обращения: 07.06.2020)"
}

@misc{per,
    title = "Position-based elastic rods",
    howpublished = "Режим доступа: \url{https://dl.acm.org/doi/10.5555/2849517.2849522} (дата обращения: 03.07.2020)"
}

@misc{viper,
    title = "VIPER: Volume Invariant Position-based Elastic Rods",
    howpublished = "Режим доступа: \url{https://media.contentapi.ea.com/content/dam/ea/seed/presentations/viper-volume-invariant-position-based-elastic-rods.pdf} (дата обращения: 04.07.2020)"
}

@misc{xms,
    title = "X-Muscle System",
    howpublished = "Режим доступа: \url{https://blendermarket.com/products/x-muscle-system} (дата обращения: 14.07.2020)"
}

@misc{blender,
    title = "Blender",
    howpublished = "Режим доступа: \url{https://www.blender.org/} (дата обращения: 14.07.2020)"
}

@misc{biceps_veret,
    title = "Двуглавая мышца плеча (бицепс)",
    howpublished = "Режим доступа: \url{https://enmg.info/anatomy/muscles/hand/brachium/m-biceps-brachii/} (дата обращения: 12.08.2020)"
}

@misc{rusttest,
    title="Документация по ЯП Rust: бенчмарки [Электронный ресурс]",
    howpublished="Режим доступа: \url{https://doc.rust-lang.org/1.7.0/book/benchmark-tests.html} (дата обращения: 21.09.2020)"
}

@misc{manjaro,
    title="Manjaro -- enjoy the simplicity [Электронный ресурс]",
    howpublished="Режим доступа: \url{https://manjaro.org/} (дата обращения: 21.09.2020)"
}

@misc{linux,
    title="Русская информация об ОС Linux [Электронный ресурс]",
    howpublished="Режим доступа: \url{https://www.linux.org.ru/} (дата обращения: 21.09.2020)"
}

@misc{intel,
    title="Процессор Intel® Core™ i7-8550U [Электронный ресурс]",
    howpublished="Режим доступа: \url{https://ark.intel.com/content/www/ru/ru/ark/products/122589/intel-core-i7-8550u-processor-8m-cache-up-to-4-00-ghz.html} (дата обращения: 21.09.2020)"
}
@misc{rust,
    title="Rust Programming Language [Электронный ресурс].",
    howpublished="Режим доступа: \url{https://doc.rust-lang.org/std/index.html} (дата обращения: 20.07.2020)",
    year=2017
}

@misc{gtk-rs,
    title="Gtk-rs",
    howpublished="Режим доступа: \url{https://gtk-rs.org/} (дата обращения: 21.07.2020)"
}

@misc{cargo,
    title="The Cargo Book",
    howpublished="Режим доступа: \url{https://doc.rust-lang.org/cargo/} (дата обращения: 21.07.2020)",
}

@misc{rls,
    title="Rust Language Server (RLS)",
    howpublished="Режим доступа: \url{https://github.com/rust-lang/rls} (дата обращения: 21.07.2020)",
}

@misc{rust-learn,
    title="Rustbook. What is Ownership?",
    howpublished="Режим доступа: \url{https://doc.rust-lang.org/book/ch04-01-what-is-ownership.html} (дата обращения: 20.07.2020)",
}

@misc{lmodels,
    title="Модели затенения. Плоская модель. Затенение по Гуро и Фонгу",
    howpublished="Режим доступа: \url{https://compgraphics.info/3D/lighting/shading_model.php} (дата обращения: 18.06.2020)"
}

@misc{tracer_proof,
    title="Cost Analysis of a Ray Tracing Algorithm",
    howpublished="Режим доступа: \url{https://www.graphics.cornell.edu/~bjw/mca.pdf} (дата обращения: 05.09.2020)"
}

@misc{bd,
   title="Роб, П., Коронелл, К. Базы данных: концепции, технологии, применение.",
   howpublished="БХВ-Петербург: Вильямс --- 2004. --- 15 с."
}

@misc{subd,
   title="Карпова, И. П. Базы данных. Учебное пособие.",
   howpublished="Московский государственный институт электроники и математики (Технический
университет) --- 2009."
}

@misc{cb,
   title="Красное\&Белое",
   howpublished="Режим доступа: https://krasnoeibeloe.ru (дата обращения: 10.04.2023)."
}

@misc{winlab,
   title="ВИНЛАБ",
   howpublished="Режим доступа: https://www.winelab.ru (дата обращения: 10.04.2023)."
}

@misc{wine,
   title="wine.com",
   howpublished="Режим доступа: https://www.wine.com (дата обращения: 10.04.2023)."
}

@misc{setevy,
   title="Сетевая модель данных службы каталогов",
   howpublished="Труды Московского физико-технического института --- 2014."
} 

@misc{ierarch,
   title="Борисова Д. А., Лядова Л. Н. Иерархическая модель данных как основа реализации информационной системы, управляемой метаданными",
   howpublished="Математика программных систем. – 2006. – 4-13 c."
} 

@misc{relyac,
   title="Жалолов О. И., Хаятов Х. У. Понятие SQL и реляционной базы данных",
   howpublished="Universum: технические науки. – 2020. – №. 6-1 (75). – 26-29 с."
} 

@misc{api,
   title="What is API?  [Электронный ресурс]. -- Режим доступа: https://www.ibm.com/topics/api свободный -- (12.03.2023)"
} 

@misc{oracleReal,
   title="Oracle database services and products offer customers cost-optimized and high-performance versions of Oracle Database, the world's leading converged, multi-model database management system. [Электронный ресурс]. -- Режим доступа: https://www.oracle.com/database/, свободный -- (06.06.2023)
"
} 

@misc{postgres,
   title="PostgreSQL: The World's Most Advanced Open Source Relational Database  [Электронный ресурс]. -- Режим доступа: https://www.postgresql.org/,
		свободный -- (12.03.2023)
"
} 

@misc{mysql,
   title="MySQL -- the world's most popular open source database   [Электронный ресурс]. -- Режим доступа: 	https://www.mysql.com/,
		свободный -- (06.06.2023)
"
} 

@misc{go,
   title="Golang -- компилируемый многопоточный язык программированияe  [Электронный ресурс]. -- Режим доступа: https://pkg.go.dev/std/, свободный -- (12.03.2023)
"
} 

@misc{pgSQL,
   title="PL/pgSQL — SQL Procedural Language [Электронный ресурс]. -- Режим доступа: https://www.postgresql.org/docs/current/plpgsql.html, свободный -- (12.03.2023)
"
} 
@misc{go-sql,
   title="Библиотека database/sql [Электронный ресурс]. -- Режим доступа: https://pkg.go.dev/database/sql/,
		свободный -- (12.03.2023)
"
} 
@misc{sqlx,
   title="Библиотека sqlx [Электронный ресурс]. -- Режим доступа: https://pkg.go.dev/github.com/jmoiron/sqlx,
		свободный -- (12.03.2023)
"
} 
@misc{gin,
   title="Gin Web Framework. The fastest full-featured web framework for Go. [Электронный ресурс]. -- Режим доступа: https://gin-gonic.com/, свободный -- (12.03.2023)
		"
} 

@misc{docker,
   title="Docker is a platform designed to help developers build, share, and run modern application. [Электронный ресурс]. -- Режим доступа: https://docs.docker.com/, свободный -- (12.03.2023)
	
		"
} 


@misc{faker,
   title="Faker is a Python package that generates fake data for you.: [Электронный ресурс]. -- Режим доступа: https://faker.readthedocs.io/en/master/,  свободный -- (30.05.2023)
		"
} 